<record><leader>00000cas a22000007a 4500</leader><controlfield tag="001">21378788</controlfield><controlfield tag="008">900416d18941927ohuwr ne      0    0eng d</controlfield><datafield ind1=" " ind2=" " tag="010"><subfield code="a">sn 90068224 </subfield></datafield><datafield ind1=" " ind2=" " tag="040"><subfield code="a">ONP</subfield><subfield code="b">eng</subfield><subfield code="c">ONP</subfield><subfield code="d">OCLCQ</subfield></datafield><datafield ind1=" " ind2=" " tag="042"><subfield code="a">msc</subfield></datafield><datafield ind1="0" ind2="0" tag="245"><subfield code="a">Prarie Depot observer.</subfield></datafield><datafield ind1=" " ind2=" " tag="260"><subfield code="a">Wayne, Ohio :</subfield><subfield code="b">[s.n.],</subfield><subfield code="c">-1927.</subfield></datafield><datafield ind1=" " ind2=" " tag="300"><subfield code="a">v.</subfield></datafield><datafield ind1=" " ind2=" " tag="310"><subfield code="a">Weekly</subfield></datafield><datafield ind1="1" ind2=" " tag="362"><subfield code="a">Began in 1894.</subfield></datafield><datafield ind1="0" ind2=" " tag="362"><subfield code="a">-33rd year, no. 1 (Jan. 14, 1927).</subfield></datafield><datafield ind1=" " ind2=" " tag="588"><subfield code="a">Description based on: Vol. 5, no. 1 (Sept. 30, 1898).</subfield></datafield><datafield ind1=" " ind2=" " tag="752"><subfield code="a">United States</subfield><subfield code="b">Ohio</subfield><subfield code="c">Wood</subfield><subfield code="d">Wayne.</subfield></datafield><datafield ind1="0" ind2="0" tag="785"><subfield code="t">Wayne observer</subfield><subfield code="w">(DLC)sn 87076850</subfield></datafield></record>